@book{cox2013ideals,
  title={Ideals, varieties, and algorithms: an introduction to computational algebraic geometry and commutative algebra},
  author={Cox, David and Little, John and OShea, Donal},
  year={2013},
  publisher={Springer Science \& Business Media}
}

@book{atiyah1994introduction,
  title={Introduction To Commutative Algebra},
  author={Atiyah, M.F. and MacDonald, I.G.},
  isbn={9780813345444},
  series={Addison-Wesley series in mathematics},
  url={https://books.google.co.jp/books?id=HOASFid4x18C},
  year={1994},
  publisher={Avalon Publishing}
}

@book{reid1995undergraduate,
  title={Undergraduate commutative algebra},
  author={Reid, Miles},
  number={29},
  year={1995},
  publisher={Cambridge University Press}
}

@book{kemper2011course,
  title={A course in commutative algebra},
  author={Kemper, Gregor},
  volume={1},
  year={2011},
  publisher={Springer}
}

@book{hartshorne2013algebraic,
  title={Algebraic geometry},
  author={Hartshorne, Robin},
  volume={52},
  year={2013},
  publisher={Springer Science \& Business Media}
}